
@misc{oracle_docs1997,
	type = {Software {Documention}},
	title = {Java {Regular} {Expressions}},
	url = {https://docs.oracle.com/javase/7/docs/api/java/util/regex/Pattern.html.},
	urldate = {2023-02-23},
	journal = {Oracle},
	year = {1993},
}

@misc{kotlin_docs2023,
	type = {Software {Documentation}},
	title = {Kotlin {Regular} {Expressions}},
	url = {https://kotlinlang.org/api/latest/jvm/stdlib/kotlin.text/-regex/},
	urldate = {2023-02-23},
	journal = {Kotlin},
}

@misc{magic-regexp,
	type = {Software {Documentation}},
	title = {magic-regexp for {JavaScript}},
	url = {https://regexp.dev/},
	urldate = {2023-02-23},
	journal = {magic-regexp},
	author = {Roe, Daniel},
	month = jul,
	year = {2022},
}

@misc{omereshone2023,
	title = {{JavaScript} {Regular} {Expressions} and magic-regexp with {Daniel} {Roe}},
	url = {https://youtu.be/tgRMf0_Bgdo},
	abstract = {Daniel Roe, a returning teacher on TKYT taught me magic-regexp - a library that helps simplify regular expressions in JavaScript.},
	language = {en-US},
	urldate = {2023-05-03},
	author = {Omereshone, Kelvin},
	collaborator = {Roe, Daniel},
	month = jan,
	year = {2023},
}

@misc{regextutorials,
	type = {Educational},
	title = {Regex {Tutorials}},
	url = {http://regextutorials.com/index.html},
	language = {en-US},
	urldate = {2023-02-23},
	journal = {Regex Crash Course and Exercises},
	year = {2019},
}
